@article{Harrison2013AOcean,
    title = {{A method for estimating the cost to sequester carbon dioxide by delivering iron to the ocean}},
    year = {2013},
    journal = {International Journal of Global Warming},
    author = {Harrison, Daniel P.},
    number = {3},
    pages = {231},
    volume = {5},
    url = {http://www.inderscience.com/link.php?id=55360},
    doi = {10.1504/IJGW.2013.055360},
    issn = {1758-2083},
    keywords = {carbon mitigation, carbon sequestration, climate change, cost, global warming, greenhouse gas, iron fertilisation, ocean carbon storage, ocean iron fertilisation, southern ocean}
}

@book{NationalAcademiesofSciences2022ASequestration,
    title = {{A Research Strategy for Ocean-based Carbon Dioxide Removal and Sequestration}},
    year = {2022},
    booktitle = {A Research Strategy for Ocean-based Carbon Dioxide Removal and Sequestration},
    author = {National Academies of Sciences, Engineering, and Medicine},
    month = {4},
    pages = {},
    publisher = {National Academies Press},
    url = {https://www.nap.edu/catalog/26278},
    address = {Washington, D.C.},
    isbn = {978-0-309-08761-2},
    doi = {10.17226/26278}
}

@misc{McQueen2021AFuture,
    title = {{A review of direct air capture (DAC): Scaling up commercial technologies and innovating for the future}},
    year = {2021},
    booktitle = {Progress in Energy},
    author = {McQueen, Noah and Gomes, Katherine Vaz and McCormick, Colin and Blumanthal, Katherine and Pisciotta, Maxwell and Wilcox, Jennifer},
    number = {3},
    month = {7},
    volume = {3},
    publisher = {Institute of Physics},
    doi = {10.1088/2516-1083/abf1ce},
    issn = {25161083},
    keywords = {carbon dioxide removal, direct air capture, learning by doing, negative emissions, negative emissions technologies, scale up}
}

@article{Kreidenweis2016AfforestationEffects,
    title = {{Afforestation to mitigate climate change: impacts on food prices under consideration of albedo effects}},
    year = {2016},
    journal = {Environmental Research Letters},
    author = {Kreidenweis, Ulrich and Humpen{\"{o}}der, Florian and Stevanovi{\'{c}}, Miodrag and Bodirsky, Benjamin Leon and Kriegler, Elmar and Lotze-Campen, Hermann and Popp, Alexander},
    number = {8},
    month = {8},
    pages = {},
    volume = {11},
    publisher = {Institute of Physics Publishing},
    url = {https://iopscience.iop.org/article/10.1088/1748-9326/11/8/085001},
    doi = {10.1088/1748-9326/11/8/085001},
    issn = {1748-9326},
    keywords = {afforestation, albedo, carbon dioxide removal, climate engineering, food prices-}
}

@misc{Kelemen2019AnFormations,
    title = {{An Overview of the Status and Challenges of CO2 Storage in Minerals and Geological Formations}},
    year = {2019},
    booktitle = {Frontiers in Climate},
    author = {Kelemen, Peter and Benson, Sally M. and Pilorg{\'{e}}, Hélène and Psarras, Peter and Wilcox, Jennifer},
    month = {11},
    volume = {1},
    publisher = {Frontiers Media S.A.},
    doi = {10.3389/fclim.2019.00009},
    issn = {26249553},
    keywords = {carbon capture and storage, carbon sequestration, geologic storage, mineral carbonation, mineralization, negative emissions}
}

@misc{Kelemen2019AnFormationsb,
    title = {{An Overview of the Status and Challenges of CO2 Storage in Minerals and Geological Formations}},
    year = {2019},
    booktitle = {Frontiers in Climate},
    author = {Kelemen, Peter and Benson, Sally M. and Pilorg{\'{e}}, Hélène and Psarras, Peter and Wilcox, Jennifer},
    month = {11},
    volume = {1},
    publisher = {Frontiers Media S.A.},
    doi = {10.3389/fclim.2019.00009},
    issn = {26249553},
    keywords = {carbon capture and storage, carbon sequestration, geologic storage, mineral carbonation, mineralization, negative emissions}
}

@techreport{IPCC2023AR62023,
    title = {{AR6 Synthesis Report - Climate Change 2023}},
    year = {2023},
    booktitle = {Diriba Korecha Dadi},
    author = {{IPCC}},
    publisher = {Panmao Zhai},
    url = {https://www.ipcc.ch/assessment-report/ar6/}
}

@article{Woodall2022AssessingApply,
    title = {{Assessing the optimal uses of biomass: Carbon and energy price conditions for the Aines Principle to apply}},
    year = {2022},
    journal = {Frontiers in Climate},
    author = {Woodall, Caleb M. and McCormick, Colin F.},
    month = {10},
    volume = {4},
    url = {https://www.frontiersin.org/articles/10.3389/fclim.2022.993230/full},
    doi = {10.3389/fclim.2022.993230},
    issn = {2624-9553},
    keywords = {bioenergy, biomass conversion, carbon capture, carbon removal, climate change, resource allocation}
}

@techreport{Crutzen2008AtmosphericPhysics,
    title = {{Atmospheric Chemistry and Physics}},
    year = {2008},
    booktitle = {Atmos. Chem. Phys},
    author = {Crutzen, P J and Mosier, A R and Smith, K A and Winiwarter, W},
    number = {2},
    pages = {389--395},
    volume = {8},
    url = {www.atmos-chem-phys.net/8/389/2008/},
    keywords = {()}
}

@article{Froehlich2019BlueOffsetting,
    title = {{Blue Growth Potential to Mitigate Climate Change through Seaweed Offsetting}},
    year = {2019},
    journal = {Current Biology},
    author = {Froehlich, Halley E. and Afflerbach, Jamie C. and Frazier, Melanie and Halpern, Benjamin S.},
    number = {18},
    month = {9},
    pages = {3087--3093},
    volume = {29},
    publisher = {Cell Press},
    url = {https://linkinghub.elsevier.com/retrieve/pii/S0960982219308863},
    doi = {10.1016/j.cub.2019.07.041},
    issn = {09609822},
    keywords = {aquatic farming, carbon capture, carbon market, mariculture, phycology}
}

@article{Fajardy2017CanEmissions,
    title = {{Can BECCS deliver sustainable and resource efficient negative emissions?}},
    year = {2017},
    journal = {Energy {\&} Environmental Science},
    author = {Fajardy, Mathilde and Mac Dowell, Niall},
    number = {6},
    month = {6},
    pages = {1389--1426},
    volume = {10},
    publisher = {Royal Society of Chemistry},
    url = {http://xlink.rsc.org/?DOI=C7EE00465F},
    doi = {10.1039/C7EE00465F},
    issn = {1754-5692}
}

@misc{Lawler2021CarbonMineralization,
    title = {{Carbon Dioxide Removal: Mineralization}},
    year = {2021},
    author = {Lawler, James and Knops, Pol},
    month = {12},
    publisher = {Climate Now},
    url = {https://climatenow.com/video/carbon-dioxide-removal-mineralization/}
}

@techreport{Mulligan2020CarbonShot:States,
    title = {{CarbonShot: Federal Policy Options for Carbon Removal in the United States}},
    year = {2020},
    author = {Mulligan, James and Rudee, Alexander and Lebling, Katie and Levin, Kelly and Anderson, James and Christensen, Ben},
    url = {www.wri.org/publication/carbonshot-federal-policy-}
}

@article{Dooley2021CarbondioxideFramework,
    title = {{Carbon‐dioxide Removal and Biodiversity: A Threat Identification Framework}},
    year = {2021},
    journal = {Global Policy},
    author = {Dooley, Kate and Harrould‐Kolieb, Ellycia and Talberg, Anita},
    number = {S1},
    month = {4},
    pages = {34--44},
    volume = {12},
    publisher = {Blackwell Publishing Ltd},
    url = {https://onlinelibrary.wiley.com/doi/10.1111/1758-5899.12828},
    doi = {10.1111/1758-5899.12828},
    issn = {1758-5880}
}

@misc{EPA2015ClimateForests,
    title = {{Climate Impacts on Forests}},
    year = {2015},
    author = {{EPA}},
    url = {https://19january2017snapshot.epa.gov/climate-impacts/climate-impacts-forests_.html}
}

@book{NationalResearchCouncil2015ClimateSequestration,
    title = {{Climate intervention: Carbon dioxide removal and reliable sequestration}},
    year = {2015},
    booktitle = {Climate Intervention: Carbon Dioxide Removal and Reliable Sequestration},
    author = {{National Research Council}},
    month = {7},
    pages = {1--154},
    publisher = {National Academies Press},
    address = {Washington, D.C.},
    isbn = {0309305292},
    doi = {10.17226/18805}
}

@article{Temple2021CompaniesScience,
    title = {{Companies hoping to grow carbon-sucking kelp may be rushing ahead of the science}},
    year = {2021},
    journal = {MIT Technology Review},
    author = {Temple, James},
    month = {9},
    url = {https://www.technologyreview.com/2021/09/19/1035889/kelp-carbon-removal-seaweed-sinking-climate-change/}
}

@misc{Fuentes-George2017ConsensusFertilization,
    title = {{Consensus, Certainty, and Catastrophe: The Debate Over Ocean Iron Fertilization}},
    year = {2017},
    booktitle = {New Security Beat},
    author = {Fuentes-George, Kemi},
    month = {5},
    url = {https://www.newsecuritybeat.org/2017/05/consensus-certainty-catastrophe-ocean-iron-fertilization-debate/}
}

@article{Young2022CostValue,
    title = {{Cost Assessment of Direct Air Capture: Based on Learning Curve and Net Present Value}},
    year = {2022},
    journal = {SSRN Electronic Journal},
    author = {Young, Ray and Yu, Lijun and Li, Jia},
    url = {https://www.ssrn.com/abstract=4108848},
    doi = {10.2139/ssrn.4108848},
    issn = {1556-5068},
    keywords = {Direct air capture, Learning curve, Net present value, Solid sorbent}
}

@misc{Pernot2022DirectNeeded,
    title = {{Direct air capture is growing around the world, but more policy support is needed}},
    year = {2022},
    booktitle = {Clean Air Task Force},
    author = {Pernot, Eadbhard and Jaruzel, Marc},
    month = {7}
}

@article{Breyer2019DirectMitigation,
    title = {{Direct Air Capture of CO2: A Key Technology for Ambitious Climate Change Mitigation}},
    year = {2019},
    journal = {Joule},
    author = {Breyer, Christian and Fasihi, Mahdi and Bajamundi, Cyril and Creutzig, Felix},
    number = {9},
    month = {9},
    pages = {2053--2057},
    volume = {3},
    url = {https://linkinghub.elsevier.com/retrieve/pii/S2542435119304131},
    doi = {10.1016/j.joule.2019.08.010},
    issn = {25424351}
}

@techreport{IPCC2022DirectZero,
    title = {{Direct Air Capture: A key technology for net zero}},
    year = {2022},
    author = {{IPCC}},
    url = {https://www.iea.org/reports/direct-air-capture-2022},
    keywords = {Direct Air Capture: A key technology for net zero}
}

@article{Rau2013DirectProduction,
    title = {{Direct electrolytic dissolution of silicate minerals for air CO2 mitigation and carbon-negative H2 production}},
    year = {2013},
    journal = {Proceedings of the National Academy of Sciences of the United States of America},
    author = {Rau, Greg H. and Carroll, Susan A. and Bourcier, William L. and Singleton, Michael J. and Smith, Megan M. and Aines, Roger D.},
    number = {25},
    month = {6},
    pages = {10095--10100},
    volume = {110},
    doi = {10.1073/pnas.1222358110},
    issn = {00278424},
    pmid = {23729814},
    keywords = {Air capture, Carbon dioxide, Electrochemistry, Hydrogen, Mineral weathering}
}

@article{Chisholm2001Dis-CreditingFertilization,
    title = {{Dis-Crediting Ocean Fertilization}},
    year = {2001},
    journal = {Science},
    author = {Chisholm, Sallie W. and Falkowski, Paul G. and Cullen, John J.},
    number = {5541},
    month = {10},
    pages = {309--310},
    volume = {294},
    url = {https://www.science.org/doi/10.1126/science.1065349},
    doi = {10.1126/science.1065349},
    issn = {0036-8075}
}

@article{Smith2013EcologicalRemoval,
    title = {{Ecological limits to terrestrial biological carbon dioxide removal}},
    year = {2013},
    journal = {Climatic Change},
    author = {Smith, Lydia J. and Torn, Margaret S.},
    number = {1},
    month = {5},
    pages = {89--103},
    volume = {118},
    publisher = {Kluwer Academic Publishers},
    url = {http://link.springer.com/10.1007/s10584-012-0682-3},
    doi = {10.1007/s10584-012-0682-3},
    issn = {0165-0009}
}

@techreport{UNEP2022Emissions2022,
    title = {{Emissions Gap Report 2022}},
    year = {2022},
    author = {{UNEP}},
    url = {https://www.unep.org/emissions-gap-report-2022},
    isbn = {9789280739794}
}

@article{Schuiling2006EnhancedCo2,
    title = {{Enhanced Weathering: An Effective and Cheap Tool to Sequester Co2}},
    year = {2006},
    journal = {Climatic Change},
    author = {Schuiling, R. D. and Krijgsman, P.},
    number = {1-3},
    month = {1},
    pages = {349--354},
    volume = {74},
    url = {http://link.springer.com/10.1007/s10584-005-3485-y},
    doi = {10.1007/s10584-005-3485-y},
    issn = {0165-0009}
}

@article{Beerling2018FarmingSecurity,
    title = {{Farming with crops and rocks to address global climate, food and soil security}},
    year = {2018},
    journal = {Nature Plants},
    author = {Beerling, David J. and Leake, Jonathan R. and Long, Stephen P. and Scholes, Julie D. and Ton, Jurriaan and Nelson, Paul N. and Bird, Michael and Kantzas, Euripides and Taylor, Lyla L. and Sarkar, Binoy and Kelland, Mike and DeLucia, Evan and Kantola, Ilsa and M{\"{u}}ller, Christoph and Rau, Greg and Hansen, James},
    number = {3},
    month = {2},
    pages = {138--147},
    volume = {4},
    publisher = {Palgrave Macmillan Ltd.},
    url = {https://www.nature.com/articles/s41477-018-0108-y},
    doi = {10.1038/s41477-018-0108-y},
    issn = {2055-0278}
}

@article{Zeebe2005FeasibilityLevels,
    title = {{Feasibility of ocean fertilization and its impact on future atmospheric CO2 levels}},
    year = {2005},
    journal = {Geophysical Research Letters},
    author = {Zeebe, R. E.},
    number = {9},
    month = {5},
    pages = {L09703},
    volume = {32},
    url = {http://doi.wiley.com/10.1029/2005GL022449},
    doi = {10.1029/2005GL022449},
    issn = {0094-8276}
}

@techreport{Baker2020GettingCalifornia,
    title = {{Getting to Neutral: Options for Negative Carbon Emissions in California}},
    year = {2020},
    author = {Baker, Sarah and Stolaroff, Joshuah and Peridas, George and Pang, Simon and Goldstein, Hannah and Lucci, Felicia and Li, Wenqin and Slessarev, Eric and Pett-Ridge, Jennifer and Ryerson, Frederick and Wagoner, Jeff and Kirkendall, Whitney and Aines, Roger and Sanchez, Daniel and Cabiyo, Bodie and Baker, Joffre and McCoy, Sean and Uden, Sam and Runnebaum, Ron and Wilcox, Jennifer and Psarras, Peter and Pilorge, Helene and McQueen, Noah and Maynard, Daniel and McCormick, Colin},
    month = {1},
    url = {https://www.osti.gov/biblio/1597217},
    institution = {Lawrence Livermore National Laboratory (LLNL)},
    address = {Livermore, CA (United States)},
    doi = {10.2172/1597217}
}

@article{Friedlingstein2022Global2022,
    title = {{Global Carbon Budget 2022}},
    year = {2022},
    journal = {Earth System Science Data},
    author = {Friedlingstein, Pierre and O'Sullivan, Michael and Jones, Matthew W. and Andrew, Robbie M. and Gregor, Luke and Hauck, Judith and Le Qu{\'{e}}r{\'{e}}, Corinne and Luijkx, Ingrid T. and Olsen, Are and Peters, Glen P. and Peters, Wouter and Pongratz, Julia and Schwingshackl, Clemens and Sitch, Stephen and Canadell, Josep G. and Ciais, Philippe and Jackson, Robert B. and Alin, Simone R. and Alkama, Ramdane and Arneth, Almut and Arora, Vivek K. and Bates, Nicholas R. and Becker, Meike and Bellouin, Nicolas and Bittig, Henry C. and Bopp, Laurent and Chevallier, Frédéric and Chini, Louise P. and Cronin, Margot and Evans, Wiley and Falk, Stefanie and Feely, Richard A. and Gasser, Thomas and Gehlen, Marion and Gkritzalis, Thanos and Gloege, Lucas and Grassi, Giacomo and Gruber, Nicolas and G{\"{u}}rses, Özgür and Harris, Ian and Hefner, Matthew and Houghton, Richard A. and Hurtt, George C. and Iida, Yosuke and Ilyina, Tatiana and Jain, Atul K. and Jersild, Annika and Kadono, Koji and Kato, Etsushi and Kennedy, Daniel and Klein Goldewijk, Kees and Knauer, Jürgen and Korsbakken, Jan Ivar and Landsch{\"{u}}tzer, Peter and Lef{\`{e}}vre, Nathalie and Lindsay, Keith and Liu, Junjie and Liu, Zhu and Marland, Gregg and Mayot, Nicolas and McGrath, Matthew J. and Metzl, Nicolas and Monacci, Natalie M. and Munro, David R. and Nakaoka, Shin-Ichiro and Niwa, Yosuke and O'Brien, Kevin and Ono, Tsuneo and Palmer, Paul I. and Pan, Naiqing and Pierrot, Denis and Pocock, Katie and Poulter, Benjamin and Resplandy, Laure and Robertson, Eddy and R{\"{o}}denbeck, Christian and Rodriguez, Carmen and Rosan, Thais M. and Schwinger, Jörg and S{\'{e}}f{\'{e}}rian, Roland and Shutler, Jamie D. and Skjelvan, Ingunn and Steinhoff, Tobias and Sun, Qing and Sutton, Adrienne J. and Sweeney, Colm and Takao, Shintaro and Tanhua, Toste and Tans, Pieter P. and Tian, Xiangjun and Tian, Hanqin and Tilbrook, Bronte and Tsujino, Hiroyuki and Tubiello, Francesco and van der Werf, Guido R. and Walker, Anthony P. and Wanninkhof, Rik and Whitehead, Chris and Willstrand Wranne, Anna and Wright, Rebecca and Yuan, Wenping and Yue, Chao and Yue, Xu and Zaehle, Sönke and Zeng, Jiye and Zheng, Bo},
    number = {11},
    month = {11},
    pages = {4811--4900},
    volume = {14},
    url = {https://essd.copernicus.org/articles/14/4811/2022/},
    doi = {10.5194/essd-14-4811-2022},
    issn = {1866-3516}
}

@article{Harris2021GlobalFluxes,
    title = {{Global maps of twenty-first century forest carbon fluxes}},
    year = {2021},
    journal = {Nature Climate Change},
    author = {Harris, Nancy L. and Gibbs, David A. and Baccini, Alessandro and Birdsey, Richard A. and de Bruin, Sytze and Farina, Mary and Fatoyinbo, Lola and Hansen, Matthew C. and Herold, Martin and Houghton, Richard A. and Potapov, Peter V. and Suarez, Daniela Requena and Roman-Cuesta, Rosa M. and Saatchi, Sassan S. and Slay, Christy M. and Turubanova, Svetlana A. and Tyukavina, Alexandra},
    number = {3},
    month = {3},
    pages = {234--240},
    volume = {11},
    publisher = {Nature Research},
    url = {http://www.nature.com/articles/s41558-020-00976-6},
    doi = {10.1038/s41558-020-00976-6},
    issn = {1758-678X}
}

@article{Harrison2017GlobalFertilization,
    title = {{Global negative emissions capacity of ocean macronutrient fertilization}},
    year = {2017},
    journal = {Environmental Research Letters},
    author = {Harrison, Daniel P},
    number = {3},
    month = {3},
    pages = {035001},
    volume = {12},
    publisher = {Institute of Physics Publishing},
    url = {https://iopscience.iop.org/article/10.1088/1748-9326/aa5ef5},
    doi = {10.1088/1748-9326/aa5ef5},
    issn = {1748-9326},
    keywords = {carbon dioxide removal, carbon sequestration, geoengineering, negative emissions, ocean biological carbon pump, ocean fertilization, ocean macronutrient fertilization}
}

@book{IPCC2018Global1.5C,
    title = {{Global Warming of 1.5{${}^\circ$}C}},
    year = {2018},
    booktitle = {Global Warming of 1.5{${}^\circ$}C},
    author = {{IPCC}},
    month = {6},
    publisher = {Cambridge University Press},
    url = {https://www.cambridge.org/core/product/identifier/9781009157940/type/book},
    address = {Cambridge, UK and New York, USA},
    isbn = {9781009157940},
    doi = {10.1017/9781009157940}
}

@misc{RitchieHowForested,
    title = {{How much of the earth’s surface is forested?}},
    booktitle = {Our World in Data},
    author = {Ritchie, Hannah and Roser, Max},
    url = {https://ourworldindata.org/forest-area#how-much-of-the-earth-s-surface-is-forested}
}

@book{Gates2021HowDisaster,
    title = {{How to avoid a climate disaster}},
    year = {2021},
    author = {Gates, Bill},
    publisher = {Penguin Random House},
    address = {New York}
}

@misc{CarbonDrawdownInitiative2022HowExperiments,
    title = {{How to spread lots of basalt on croplands for enhanced weathering - Some practical experiments}},
    year = {2022},
    author = {{Carbon Drawdown Initiative}},
    month = {6},
    url = {https://www.carbon-drawdown.de/blog/2022-6-20-experiments-on-how-to-spread-basalt-on-croplands-for-enhanced-weathering}
}

@misc{Reij2014ImprovingAchievable,
    title = {{Improving Food Security in the Sahel Is Difficult, but Achievable}},
    year = {2014},
    booktitle = {World Resource Institute},
    author = {Reij, Chris},
    month = {2},
    url = {https://www.wri.org/insights/improving-food-security-sahel-difficult-achievable}
}

@article{Hauck2016IronExperiment,
    title = {{Iron fertilisation and century-scale effects of open ocean dissolution of olivine in a simulated CO2 removal experiment}},
    year = {2016},
    journal = {Environmental Research Letters},
    author = {Hauck, Judith and K{\"{o}}hler, Peter and Wolf-Gladrow, Dieter and V{\"{o}}lker, Christoph},
    number = {2},
    month = {2},
    pages = {024007},
    volume = {11},
    publisher = {Institute of Physics Publishing},
    url = {https://iopscience.iop.org/article/10.1088/1748-9326/11/2/024007},
    doi = {10.1088/1748-9326/11/2/024007},
    issn = {1748-9326},
    keywords = {biological carbon pump, carbon dioxide removal, enhanced weathering, geoengineering, iron fertilisation, ocean alkalinisation}
}

@techreport{Watson2000LandForestry,
    title = {{Land Use, Land-Use Change, and Forestry}},
    year = {2000},
    author = {Watson, Robert T. and Noble, Ian R. and Bolin, Bert and Ravindranath, N. H. and Verardo, David J. and Dokken, David J.},
    institution = {IPCC},
    address = {Cambridge},
    isbn = {9789291691142}
}

@techreport{Zelikova2020LeadingAgriculture,
    title = {{Leading with Soil Scaling Soil Carbon Storage in Agriculture}},
    year = {2020},
    author = {Zelikova, Jane and Amador, Giana and Suarez, Vanessa and Kosar, Ugbaad and Burns, Erin},
    url = {https://static1.squarespace.com/static/5b9362d89d5abb8c51d474f8/t/5eaa30d12c3a767e64c3845b/1588211922979/LeadingWithSoil_Final+Text.pdf}
}

@article{Valone2021Linear2100,
    title = {{Linear Global Temperature Correlation to Carbon Dioxide Level, Sea Level, and Innovative Solutions to a Projected 6{${}^\circ$}C Warming by 2100}},
    year = {2021},
    journal = {Journal of Geoscience and Environment Protection},
    author = {Valone, Thomas F.},
    number = {03},
    pages = {84--135},
    volume = {09},
    publisher = {Scientific Research Publishing, Inc.},
    url = {https://www.scirp.org/journal/doi.aspx?doi=10.4236/gep.2021.93007},
    doi = {10.4236/gep.2021.93007},
    issn = {2327-4336}
}

@article{Crowther2015MappingScale,
    title = {{Mapping tree density at a global scale}},
    year = {2015},
    journal = {Nature},
    author = {Crowther, T. W. and Glick, H. B. and Covey, K. R. and Bettigole, C. and Maynard, D. S. and Thomas, S. M. and Smith, J. R. and Hintler, G. and Duguid, M. C. and Amatulli, G. and Tuanmu, M. N. and Jetz, W. and Salas, C. and Stam, C. and Piotto, D. and Tavani, R. and Green, S. and Bruce, G. and Williams, S. J. and Wiser, S. K. and Huber, M. O. and Hengeveld, G. M. and Nabuurs, G. J. and Tikhonova, E. and Borchardt, P. and Li, C. F. and Powrie, L. W. and Fischer, M. and Hemp, A. and Homeier, J. and Cho, P. and Vibrans, A. C. and Umunay, P. M. and Piao, S. L. and Rowe, C. W. and Ashton, M. S. and Crane, P. R. and Bradford, M. A.},
    number = {7568},
    month = {9},
    pages = {201--205},
    volume = {525},
    publisher = {Nature Publishing Group},
    doi = {10.1038/nature14967},
    issn = {14764687},
    pmid = {26331545}
}

@article{Almaraz2022MethodsSettings,
    title = {{Methods for determining the CO2 removal capacity of enhanced weathering in agronomic settings}},
    year = {2022},
    journal = {Frontiers in Climate},
    author = {Almaraz, Maya and Bingham, Nina L. and Holzer, Iris O. and Geoghegan, Emily K. and Goertzen, Heath and Sohng, Jaeeun and Houlton, Benjamin Z.},
    month = {12},
    volume = {4},
    url = {https://www.frontiersin.org/articles/10.3389/fclim.2022.970429/full},
    doi = {10.3389/fclim.2022.970429},
    issn = {2624-9553},
    keywords = {agriculture, enhanced weathering, field study, methods, soil carbon sequestration, working lands}
}

@article{Griscom2017NaturalSolutions,
    title = {{Natural climate solutions}},
    year = {2017},
    journal = {Proceedings of the National Academy of Sciences of the United States of America},
    author = {Griscom, Bronson W. and Adams, Justin and Ellis, Peter W. and Houghton, Richard A. and Lomax, Guy and Miteva, Daniela A. and Schlesinger, William H. and Shoch, David and Siikam{\"{a}}ki, Juha V. and Smith, Pete and Woodbury, Peter and Zganjar, Chris and Blackman, Allen and Campari, João and Conant, Richard T. and Delgado, Christopher and Elias, Patricia and Gopalakrishna, Trisha and Hamsik, Marisa R. and Herrero, Mario and Kiesecker, Joseph and Landis, Emily and Laestadius, Lars and Leavitt, Sara M. and Minnemeyer, Susan and Polasky, Stephen and Potapov, Peter and Putz, Francis E. and Sanderman, Jonathan and Silvius, Marcel and Wollenberg, Eva and Fargione, Joseph},
    number = {44},
    month = {10},
    pages = {11645--11650},
    volume = {114},
    publisher = {National Academy of Sciences},
    doi = {10.1073/pnas.1710465114},
    issn = {10916490},
    pmid = {29078344},
    keywords = {Agriculture, Climate mitigation, Ecosystems, Forests, Wetlands}
}

@book{NationalAcademiesofSciences2018NegativeAgenda,
    title = {{Negative emissions technologies and reliable sequestration : a research agenda}},
    year = {2018},
    author = {National Academies of Sciences, Engineering, and Medicine},
    pages = {495},
    isbn = {9780309484527}
}

@article{Fuss2018NegativeEffects,
    title = {{Negative emissions—Part 2: Costs, potentials and side effects}},
    year = {2018},
    journal = {Environmental Research Letters},
    author = {Fuss, Sabine and Lamb, William F and Callaghan, Max W and Hilaire, Jérôme and Creutzig, Felix and Amann, Thorben and Beringer, Tim and de Oliveira Garcia, Wagner and Hartmann, Jens and Khanna, Tarun and Luderer, Gunnar and Nemet, Gregory F and Rogelj, Joeri and Smith, Pete and Vicente, José Luis Vicente and Wilcox, Jennifer and del Mar Zamora Dominguez, Maria and Minx, Jan C},
    number = {6},
    month = {6},
    pages = {},
    volume = {13},
    publisher = {Institute of Physics Publishing},
    url = {https://iopscience.iop.org/article/10.1088/1748-9326/aabf9f},
    doi = {10.1088/1748-9326/aabf9f},
    issn = {1748-9326},
    keywords = {carbon dioxide removal, climate change mitigation, negative emission technologies, scenarios}
}

@article{Brack2020NetStorage,
    title = {{Net Zero and Beyond: What Role for Bioenergy with Carbon Capture and Storage?}},
    year = {2020},
    author = {Brack, Duncan and King, Richard},
    url = {https://easac.eu/publications/details/forest-bioenergy-carbon-capture-and-storage-and-carbon-dioxide-removal-an-update/.},
    doi = {10.17606/M6H66H}
}

@techreport{Larson2021Net-ZeroImpacts,
    title = {{Net-Zero America: Potential Pathways, Infrastructure, and Impacts}},
    year = {2021},
    author = {Larson, Eric and Greig, Chris and Jenkins, Jesse and Mayfield, Erin and Pascale, Andrew and Zhang, Chuan and Drossman, Joshua and Williams, Robert and Pacala, Steve and Socolow, Robert and Baik, Ejeong and Birdsey, Rich and Duke, Rick and Jones, Ryan and Haley, Ben and Leslie, Emily and Paustian, Keith and Swan, Amy and Larson, E and Greig, C and Jenkins, J and Mayfield, E and Pascale, A and Zhang, C and Drossman, J and Williams, R and Pacala, S and Socolow, R and Baik, E J and Birdsey, R and Duke, R and Jones, R and Haley, B and Leslie, E and Paustian, K and Swan, A},
    url = {https://netzeroamerica.princeton.edu}
}

@techreport{McKinsey2009PathwaysEconomy,
    title = {{Pathways to a Low-Carbon Economy}},
    year = {2009},
    author = {{McKinsey}}
}

@article{Keller2014PotentialScenario,
    title = {{Potential climate engineering effectiveness and side effects during a high carbon dioxide-emission scenario}},
    year = {2014},
    journal = {Nature Communications},
    author = {Keller, David P. and Feng, Ellias Y. and Oschlies, Andreas},
    number = {1},
    month = {2},
    pages = {3304},
    volume = {5},
    url = {https://www.nature.com/articles/ncomms4304},
    doi = {10.1038/ncomms4304},
    issn = {2041-1723}
}

@article{Goll2021PotentialRock,
    title = {{Potential CO2 removal from enhanced weathering by ecosystem responses to powdered rock}},
    year = {2021},
    journal = {Nature Geoscience},
    author = {Goll, Daniel S. and Ciais, Philippe and Amann, Thorben and Buermann, Wolfgang and Chang, Jinfeng and Eker, Sibel and Hartmann, Jens and Janssens, Ivan and Li, Wei and Obersteiner, Michael and Penuelas, Josep and Tanaka, Katsumasa and Vicca, Sara},
    number = {8},
    month = {8},
    pages = {545--549},
    volume = {14},
    publisher = {Nature Research},
    url = {https://www.nature.com/articles/s41561-021-00798-x},
    doi = {10.1038/s41561-021-00798-x},
    issn = {1752-0894}
}

@techreport{Greig2021PrincetonsAnalysis,
    title = {{Princeton's Net-Zero America study Annex I: CO 2 Transport and Storage Infrastructure transition analysis}},
    year = {2021},
    author = {Greig, Chris and Pascale, Andrew},
    url = {https://netzeroamerica.princeton.edu/the-report}
}

@article{Lackner1997ProgressSubstrates,
    title = {{Progress on binding CO2 in mineral substrates}},
    year = {1997},
    journal = {Energy Conversion and Management},
    author = {Lackner, Klaus S and Butt, Darryl P and Wendt, Christopher H},
    month = {1},
    pages = {S259-S264},
    volume = {38},
    url = {https://linkinghub.elsevier.com/retrieve/pii/S0196890496002798},
    doi = {10.1016/S0196-8904(96)00279-8},
    issn = {01968904},
    keywords = {Cal-cium Oxide, Carbon Dioxide Disposal, Carbonate Mineral, Emission Control, Greenhouse Effect, Magnesium Oxide, Peridotite, Power Plant Emission, Serpentinite}
}

@techreport{Zoebisch2022SoilMoonshot,
    title = {{Soil Carbon Moonshot}},
    year = {2022},
    author = {Zoebisch, Cristel and Amador, Giana and Jacobs, Dana and Glicksman, Maya and Hoefner, Ferd and Jacobson, Rory and Kosar, Ugbaad and Minor, Peter and Suarez, Vanessa}
}

@article{Smith2016SoilTechnologies,
    title = {{Soil carbon sequestration and biochar as negative emission technologies}},
    year = {2016},
    journal = {Global Change Biology},
    author = {Smith, Pete},
    number = {3},
    month = {3},
    pages = {1315--1324},
    volume = {22},
    publisher = {Blackwell Publishing Ltd},
    doi = {10.1111/gcb.13178},
    issn = {13652486},
    pmid = {26732128},
    keywords = {Biochar, Carbon, Negative emission technology, Sequestration, Soil}
}

@misc{AmericanUniversity2020SoilFactsheet,
    title = {{Soil Carbon Sequestration Factsheet}},
    year = {2020},
    author = {{American University}},
    number = {},
    month = {6},
    volume = {},
    publisher = {Institute of Physics Publishing},
    issn = {17489326},
    keywords = {carbon dioxide removal, climate change mitigation, negative emission technologies, scenarios}
}

@article{Chambers2016SoilInitiative,
    title = {{Soil carbon sequestration potential of US croplands and grasslands: Implementing the 4 per ThoUSAnd Initiative}},
    year = {2016},
    journal = {Journal of Soil and Water Conservation},
    author = {Chambers, Adam and Lal, Rattan and Paustian, Keith},
    number = {3},
    month = {5},
    pages = {68A-74A},
    volume = {71},
    publisher = {Soil Conservation Society of America},
    doi = {10.2489/jswc.71.3.68A},
    issn = {19413300}
}

@misc{Ontl2012SoilStorage,
    title = {{Soil Carbon Storage}},
    year = {2012},
    booktitle = {Nature Education Knowledge},
    author = {Ontl, Todd A. and Schulte, Lisa A.},
    url = {https://www.nature.com/scitable/knowledge/library/soil-carbon-storage-84223790/},
    institution = {}
}

@article{Rubin2021StatePrimer,
    title = {{State of the Science - CDR Primer}},
    year = {2021},
    author = {Rubin, Ben and Brown, Jennifer},
    doi = {10.17606/1q3n-rt82}
}

@incollection{IPCC2022SummaryPolicymakers,
    title = {{Summary for Policymakers}},
    year = {2022},
    booktitle = {Climate Change 2022: Impacts, Adaptation and  Vulnerability. Contribution  of  Working  Group  II  to  the  Sixth  Assessment Report of the Intergovernmental Panel on Climate Change},
    author = {{IPCC}},
    editor = {P{\"{o}}rtner, H.-O. and Roberts, D. C. and Tignor, M. and Poloczanska, E.S. and Mintenbeck, K. and Alegria, A. and Craig, M. and Langsdorf, S. and L{\"{o}}schke, S. and M{\"{o}}ller, V. and Okem, A. and Rama, B.},
    publisher = {Cambridge University Press},
    address = {Cambridge, UK and New York, NY, USA},
    doi = {10.1017/9781009325844.001}
}

@article{Fasihi2019Techno-economicPlants,
    title = {{Techno-economic assessment of CO2 direct air capture plants}},
    year = {2019},
    journal = {Journal of Cleaner Production},
    author = {Fasihi, Mahdi and Efimova, Olga and Breyer, Christian},
    month = {7},
    pages = {957--980},
    volume = {224},
    publisher = {Elsevier Ltd},
    url = {https://linkinghub.elsevier.com/retrieve/pii/S0959652619307772},
    doi = {10.1016/j.jclepro.2019.03.086},
    issn = {09596526},
    keywords = {Carbon capture and utilisation (CCU), Carbon dioxide (CO 2 ), Direct air capture (DAC), Economics, Negative emission technology (NET)}
}

@incollection{Dipple2021TheSystems,
    title = {{The Building Blocks of CDR Systems}},
    year = {2021},
    booktitle = {CDR Primer},
    author = {Dipple, Greg and Kelemen, Peter and Woodall, Caleb M. and Paustian, Keith and Smith, Pete and Jacobson, Rory and Torn, Margaret and Troxler, Tiffany and Belmont, Erica and Sanchez, Daniel L. and Hovorka, Susan and Renforth, Phil and Kolosz, Ben and Anderegg, Bill and Freeman, Jeremy and McQueen, Noah and Wilcox, Jennifer},
    editor = {Wilcox, Jennifer and Kolosz, Ben and Freeman, Jeremy}
}

@incollection{Bergman2021TheJustice,
    title = {{The Case for Carbon Dioxide Removal: From Science to Justice}},
    year = {2021},
    booktitle = {CDR Primer},
    author = {Bergman, A and Rinberg, A},
    editor = {Wilcox, J and Kolosz, B and Freeman, J},
    chapter = {},
    url = {https://cdrprimer.org/read/chapter-1}
}

@article{S.F.Jones2014TheNourishment,
    title = {{The cost of carbon management using ocean nourishment}},
    year = {2014},
    journal = {International Journal of Climate Change Strategies and Management},
    author = {S.F. Jones, Ian},
    number = {4},
    month = {11},
    pages = {391--400},
    volume = {6},
    publisher = {Emerald Group Holdings Ltd.},
    url = {https://www.emerald.com/insight/content/doi/10.1108/IJCCSM-11-2012-0063/full/html},
    doi = {10.1108/IJCCSM-11-2012-0063},
    issn = {1756-8692},
    keywords = {Ammonia, Climate, Fetilisation, Nitrogen, Ocean, Ocean nourishment}
}

@techreport{Stavins1999TheApproach,
    title = {{The Costs of Carbon Sequestration: A Revealed-Preference Approach}},
    year = {1999},
    author = {Stavins, Robert N},
    number = {4},
    pages = {994--1009},
    volume = {89}
}

@article{Gattuso2021TheBeyond,
    title = {{The Potential for Ocean-Based Climate Action: Negative Emissions Technologies and Beyond}},
    year = {2021},
    journal = {Frontiers in Climate},
    author = {Gattuso, Jean-Pierre and Williamson, Phillip and Duarte, Carlos M. and Magnan, Alexandre K.},
    month = {1},
    volume = {2},
    publisher = {Frontiers Media S.A.},
    url = {https://www.frontiersin.org/articles/10.3389/fclim.2020.575716/full},
    doi = {10.3389/fclim.2020.575716},
    issn = {2624-9553},
    keywords = {blue carbon, carbon capture and storage, climate action, ocean alkalinization, ocean fertilization, ocean-based solutions}
}

@article{Fageria2011ThePlants,
    title = {{The Role of Mineral Nutrition on Root Growth of Crop Plants}},
    year = {2011},
    journal = {Advances in Agronomy},
    author = {Fageria, N. K. and Moreira, A.},
    number = {C},
    month = {1},
    pages = {251--331},
    volume = {110},
    publisher = {Academic Press},
    doi = {10.1016/B978-0-12-385531-2.00004-9},
    issn = {0065-2113},
    keywords = {Field crops, Root dry weight, Root length, Root-shoot ratio}
}

@article{Bossio2020TheSolutions,
    title = {{The role of soil carbon in natural climate solutions}},
    year = {2020},
    journal = {Nature Sustainability},
    author = {Bossio, D. A. and Cook-Patton, S. C. and Ellis, P. W. and Fargione, J. and Sanderman, J. and Smith, P. and Wood, S. and Zomer, R. J. and von Unger, M. and Emmer, I. M. and Griscom, B. W.},
    number = {5},
    month = {3},
    pages = {391--398},
    volume = {3},
    publisher = {Nature Research},
    url = {https://www.nature.com/articles/s41893-020-0491-z},
    doi = {10.1038/s41893-020-0491-z},
    issn = {2398-9629}
}

@article{Kikstra2021TheVariability,
    title = {{The social cost of carbon dioxide under climate-economy feedbacks and temperature variability}},
    year = {2021},
    journal = {Environmental Research Letters},
    author = {Kikstra, Jarmo S. and Waidelich, Paul and Rising, James and Yumashev, Dmitry and Hope, Chris and Brierley, Chris M.},
    number = {9},
    month = {9},
    volume = {16},
    publisher = {IOP Publishing Ltd},
    doi = {10.1088/1748-9326/ac1d0b},
    issn = {17489326},
    keywords = {PAGE, climate change, cost-benefit analysis, damage persistence, environmental economics, growth effects, temperature variability}
}

@article{Smith2023TheEdition,
    title = {{The State of Carbon Dioxide Removal - 1st Edition}},
    year = {2023},
    author = {{Smith} and {Geden} and {Nemet} and {Gidden} and {Lamb} and {al}},
    doi = {10.17605/OSF.IO/W3B4Z},
    keywords = {Carbon Dioxide Removal, carbon capture, emissions}
}

@techreport{Gorte2009U.S.Sequestration,
    title = {{U.S. Tree Planting for Carbon Sequestration}},
    year = {2009},
    author = {Gorte, Ross W.},
    url = {https://sgp.fas.org/crs/misc/R40562.pdf}
}